@article{neuro,
  author = {J.J. Hopfield, D. Tank},
  title = { Neural Computation of Decisions in Optimization Space},
  journal = {Biological Cybernetics},
  volume = {},
  number = {52},
  year = {1985},
  pages = {141--152}
}

@book{neuroa,
  author = {P.S. Churchland, T.J. Sejnowski},
  title = {Grundlagen zur Neuroinformatik und Neurobiologie},
  year = {1997},
  edition = {1},
  publisher = {Friedr. Vieweg \& Sohn Verlagsgesellschaft, Braunschweig/Wiesbaden}
}

@inproceedings{dendr,
  author = {O. Herreras, J. M. Ibarz, L. López-Aguado, P. Varona},
  title = {Dendrites: The Last-Generation Computers},
  booktitle = {Connectionist Models of Neurons, Learning Processes, and Artificial Intelligence},
  pages = {1--13},
  year = 2001,
  editor = {José Mira, Alberto Prieto},
  volume = 2084,
  publisher = {Springer},
  series = {Lecture Notes in Computer Science}
}
